@misc{stanford-cs324,
  author = {Stanford CS324},
  title = {Introduction to Data Mining},
  howpublished = {\url{https://stanford-cs324.github.io/winter2022/lectures/introduction/}},
  year = {2022},
  note = {Accessed on March 14, 2023}
}

@article{bengio2003neural,
  title={A neural probabilistic language model},
  author={Bengio, Yoshua and Ducharme, RÃ©jean and Vincent, Pascal and Jauvin, Christian},
  journal={Journal of machine learning research},
  volume={3},
  number={Feb},
  pages={1137--1155},
  year={2003}
}

@inproceedings{NIPS2017_3f5ee243,
 author = {Vaswani, Ashish and Shazeer, Noam and Parmar, Niki and Uszkoreit, Jakob and Jones, Llion and Gomez, Aidan N and Kaiser, \L ukasz and Polosukhin, Illia},
 booktitle = {Advances in Neural Information Processing Systems},
 editor = {I. Guyon and U. Von Luxburg and S. Bengio and H. Wallach and R. Fergus and S. Vishwanathan and R. Garnett},
 pages = {},
 publisher = {Curran Associates, Inc.},
 title = {Attention is All you Need},
 url = {https://proceedings.neurips.cc/paper_files/paper/2017/file/3f5ee243547dee91fbd053c1c4a845aa-Paper.pdf},
 volume = {30},
 year = {2017}
}
@article{radford2018improving,
  added-at = {2020-07-14T16:37:42.000+0200},
  author = {Radford, Alec and Narasimhan, Karthik and Salimans, Tim and Sutskever, Ilya},
  biburl = {https://www.bibsonomy.org/bibtex/273ced32c0d4588eb95b6986dc2c8147c/jonaskaiser},
  interhash = {5c343ed9a31ac52fd17a898f72af228f},
  intrahash = {73ced32c0d4588eb95b6986dc2c8147c},
  keywords = {final thema:transformer},
  timestamp = {2020-07-14T16:49:42.000+0200},
  title = {Improving language understanding by generative pre-training},
  year = 2018
}

