@misc{stanford-cs324,
  author = {Stanford CS324},
  title = {Introduction to Data Mining},
  howpublished = {\url{https://stanford-cs324.github.io/winter2022/lectures/introduction/}},
  year = {2022},
  note = {Accessed on March 14, 2023}
}

@article{bengio2003neural,
  title={A neural probabilistic language model},
  author={Bengio, Yoshua and Ducharme, RÃ©jean and Vincent, Pascal and Jauvin, Christian},
  journal={Journal of machine learning research},
  volume={3},
  number={Feb},
  pages={1137--1155},
  year={2003}
}
